% Legals

%@incollection{dlgs-82-2005,
%    title       = {D.Lgs n.82/2005 - Codice dell'amministrazione digitale.},
%    booktitle   = {GU n.112 del 16-5-2005 - Suppl. Ordinario n. 93},
%    year        = {2005},
%    note         = {\newline\url{http://www.normattiva.it/uri-res/N2Ls?urn:nir:stato:decreto.legislativo:2005-03-07;82}},
%    keywords    = {legal}
%}

%@incollection{dlgs-235-2010,
%    title       = {D.Lgs n.235/2010 - Modifiche ed integrazioni al decreto legislativo 7 marzo 2005, n. 82, recante Codice dell'amministrazione digitale, a norma dell'articolo 33 della legge 18 giugno 2009, n. 69.},
%    booktitle   = {GU n.6 del 10-1-2011 - Suppl. Ordinario n. 8},
%    year        = {2010},
%    note         = {\newline\url{http://www.normattiva.it/uri-res/N2Ls?urn:nir:stato:decreto.legislativo:2010-12-30;235}},
%    keywords    = {legal}
%}

%@incollection{dl-179-2012,
%    title       = {D.L. n.179/2012 - Ulteriori misure urgenti per la crescita del Paese.},
%    booktitle   = {GU n.245 del 19-10-2012 - Suppl. Ordinario n. 194},
%    year        = {2012},
%    note         = {\newline\url{http://www.normattiva.it/uri-res/N2Ls?urn:nir:stato:decreto.legge:2012-10-18;179}},
%    keywords    = {legal}
%}

% Books


@book{uml,
    title     ={UML distilled - Guida al linguaggio di modellazione standard, Quarta Edizione},
    author    ={Martin Fowler (Autore), L. Baresi (a cura di), S. Gaburri (Traduttore)},
    isbn      ={978-8871925981},
    year      ={1981},
    publisher ={Pearson}
}

@book{basidati,
    title		= "Basi di dati - Modelli e linguaggi di interrogazione, Terza Edizione",
    author		= "Paolo Atzeri, Stefano Ceri, Stefano Paraboschi, Riccardo Torione",
    isbn        = "9788838666001"
    year		= "2009",
    publisher	= "McGraw-Hill",
	keywords	= "book"
}



% Online

@online{fatturapa-norma,
    author    = "Agenzia delle Entrate, Sogei SpA",
    title     = "Normativa",
    url       = "http://www.fatturapa.gov.it/export/fatturazione/it/normativa/f-1.htm",
    keywords  = "fatturapa,normativa"
}

@online{agid-cad,
    author    = "AgID",
    title     = "Codice Amministrazione Digitale",
    url       = "http://www.agid.gov.it/agid/quadro-normativo/codice-amministrazione-digitale",
    keywords  = "cad"
}

@online{agid-access,
    author    = "AgID",
    title     = "Criteri e metodi per la verifica tecnica e requisiti tecnici di accessibilità per i contenuti e i servizi forniti per mezzo di applicazioni basate su tecnologie Web",
    url       = "http://www.funzionepubblica.gov.it/media/556981/linee_guida_acc.pdf",
    keywords  = "accessibilita"
}

@online{w3c-wai,
    author    = "W3C",
    title     = "Web Accessibility Initiative (WAI)",
    url       = "http://www.w3.org/WAI/",
    keywords  = "accessibilita"
}

@online{w3c-html,
    author    = "W3C",
    title     = "HTML, The Web's Core Language",
    url       = "http://www.w3.org/html/",
    keywords  = "front-end"
}

@online{w3c-css,
    author    = "W3C, CSS working group",
    title     = "What is CSS?",
    url       = "http://www.w3.org/Style/CSS/",
    keywords  = "front-end"
}

@online{javascript,
    author    = "ECMA International",
    title     = "ECMAScript 2015 Language Specification - ECMA-262 6th Edition / June 2015",
    url       = "http://www.ecma-international.org/publications/files/ECMA-ST/Ecma-262.pdf",
    keywords  = "front-end"
}

@online{jquery,
    author    = "jQuery Foundation",
    title     = "jQuery API Documentation",
    url       = "http://api.jquery.com/",
    keywords  = "front-end"
}

@online{razor,
    author    = "Tom FitzMacken, ASP.NET",
    title     = "Introduction to ASP.NET Web Programming Using the Razor Syntax (C\#)",
    url       = "http://www.asp.net/web-pages/overview/getting-started/introducing-razor-syntax-c",
    keywords  = "front-end"
}

@online{soap,
    author    = "W3C",
    title     = "SOAP Version 1.2 Part 0: Primer (Second Edition)",
    url       = "http://www.w3.org/TR/2007/REC-soap12-part0-20070427/",
    keywords  = "ws"
}

@online{web-api,
    author    = "ASP.NET",
    title     = "Learn About ASP.NET Web API",
    url       = "http://www.asp.net/web-api",
    keywords  = "ws"
}

@online{hub,
    author    = "Regione Lazio",
    title     = "Manuale Utente Fatturazione Elettronica - Hub per enti intermediati della Regione Lazio",
    url       = "http://www.regione.lazio.it/binary/rl_bilancio/tbl_contenuti/FatturazioneElettronica_HUB_ManualeUtente.pdf",
    keywords  = "related"
}

@online{intermedia,
    author    = "Regione Marche",
    title     = "Fatturazione Elettronica verso la Pubblica Amministrazione",
    url       = "http://www.ecommunity.marche.it/LinkClick.aspx?fileticket=-MpfvTlI1FY\%3d&tabid=260",
    keywords  = "related"
}

@online{peppol,
    author    = "PEPPOL",
    title     = "First public and private PEPPOL nodes up and running in Italy",
    url       = "http://www.peppol.eu/news/news_repository/first-public-and-private-peppol-nodes-up-and-running-in-italy",
    keywords  = "related"
}

@online{notier,
    author    = "Regione Emilia-Romagna",
    title     = "Dematerializzazione degli acquisti - Sezione P.A.",
    url       = "http://intercenter.regione.emilia-romagna.it/aree/dematerializzazione-acquisti/infografica-p-a/p-a/dematerializzazione-degli-acquisti-sezione-p-a",
    keywords  = "related"
}

@online{fert,
    author    = "Regione Toscana",
    title     = "Cos'è la piattaforma di Fatturazione Elettronica di Regione Toscana (fERT)",
    url       = "https://fert.regione.toscana.it/progetto",
    keywords  = "related"
}



% Legal

@online{dgr264-14,
    author    = "Regione Marche",
    title     = "DGR 264/2014",
    url       = "http://www.norme.marche.it/Delibere/2014/DGR0264_14.pdf",
    keywords  = "legal"
}

% Others

@inbook{knuth-fa,
   author = "Donald E. Knuth",
   title = "Fundamental Algorithms",
   publisher = "Addison-Wesley",
   year = "1973",
   chapter = "1.2",
   keywords  = "knuth,programming"
}

@article{ctan,
    author  = "George D. Greenwade",
    title   = "The {C}omprehensive {T}ex {A}rchive {N}etwork ({CTAN})",
    year    = "1993",
    journal = "TUGBoat",
    volume  = "14",
    number  = "3",
    pages   = "342--351",
    keywords  = "latex"
}

@article{einstein,
  author =       "Albert Einstein",
  title =        "{Zur Elektrodynamik bewegter K{\"o}rper}. ({German})
                 [{On} the electrodynamics of moving bodies]",
  journal =      "Annalen der Physik",
  volume =       "322",
  number =       "10",
  pages =        "891--921",
  year =         "1905",
  DOI =          "http://dx.doi.org/10.1002/andp.19053221004",
  keywords =     "physics"
}