
% Books

@book{electron,
	title		= {Cross-platform Desktop Application Development: Electron, Node, NW.js, and React},
	author	= {Dmitry Sheiko (Autore)},
	year		= {2014},
	publisher	= {Wrox}
}

@book{uml,
    title     ={UML distilled - Guida al linguaggio di modellazione standard, Quarta Edizione},
    author    ={Martin Fowler (Autore), L. Baresi (a cura di), S. Gaburri (Traduttore)},
    isbn      ={978-8871925981},
    year      ={1981},
    publisher ={Pearson}
}

@book{basidati,
    title		= "Javascript - jQuery: Interactive Front-End Web Development",
    author		= "Jon Duckett",
    year		= "2009",
    publisher	= "McGraw-Hill",
	keywords	= "book"
}

% Online

@online{statopatrimoniale,
    title     = "Articolo 2424 Codice civile (R.D. 16 marzo 1942, n. 262) Contenuto dello stato patrimoniale",
    url       = "https://www.brocardi.it/codice-civile/libro-quinto/titolo-v/capo-v/sezione-ix/art2424.html",
    keywords  = "statopatrimoniale"
}

@online{contoeconomico,
    title     = "Articolo 2425 Codice civile (R.D. 16 marzo 1942, n. 262) Contenuto del conto economico",
    url       = "https://www.brocardi.it/codice-civile/libro-quinto/titolo-v/capo-v/sezione-ix/art2425.html",
    keywords  = "contoeconomico"
}

@online{analisibilancio,
    title     = "analisibilancio",
    url       = "http://www.bussolacontrollodigestione.it/che-cosa-e-lanalisi-di-bilancio",
    keywords  = "analisibilancio"
}

@online{electron,
    title     = "Sviluppo di Desktop Apps Cross Platform con Electron",
    url       = "https://www.fabvla.com/sviluppo-desktop-apps-cross-platform-electron/",
    keywords  = "electron"
}

@online{w3c-html,
    author    = "W3C",
    title     = "HTML, The Web's Core Language",
    url       = "http://www.w3.org/html/",
    keywords  = "front-end"
}

@online{appdesktop,
    title     = "Electron â€“ Una nuova era per le applicazioni desktop",
    url       = "https://www.bitbull.it/blog/electron-applicazioni-desktop/",
    keywords  = "appdesktop"
}

@online{javascript,
    author    = "ECMA International",
    title     = "ECMAScript 2015 Language Specification - ECMA-262 6th Edition / June 2015",
    url       = "http://www.ecma-international.org/publications/files/ECMA-ST/Ecma-262.pdf",
    keywords  = "front-end"
}

@online{electonapp,
    title     = "Costruisci applicazioni desktop multipiattaforma in JavaScript, HTML e CSS",
    url       = "https://electronjs.org/",
    keywords  = "electronapp"
}

@online{maskmoney,
    title     = "Jquery-maskMoney",
    url       = "http://plentz.github.io/jquery-maskmoney/",
    keywords  = "maskmoney"
}

